<?xml version="1.0" encoding="utf-8"?>
<record xmlns="http://www.loc.gov/MARC21/slim" xmlns:xsi="http://www.w3.org/2001/XMLSchema-instance" xsi:schemaLocation="http://www.loc.gov/MARC21/slim http://www.loc.gov/standards/marcxml/schema/MARC21slim.xsd">
	<leader>     nam a22        4500</leader>
	<controlfield tag="001">642569</controlfield>
	<controlfield tag="003">NNC</controlfield>
	<controlfield tag="006">m        d        </controlfield>
	<controlfield tag="007">cr cn |||m|||a</controlfield>
	<controlfield tag="008">160519s1938    ua      o     000 0 ara d</controlfield>
	<datafield ind1=" " ind2=" " tag="040">
		<subfield code="a">NNU</subfield>
		<subfield code="b">eng</subfield>
		<subfield code="e">rda</subfield>
		<subfield code="c">NNU</subfield>
	</datafield>
	<datafield ind1="1" ind2=" " tag="100">
		<subfield code="6">880-01</subfield>
		<subfield code="a">Shirwānī, ʻAbd al-Hamīd.</subfield>
	</datafield>
	<datafield ind1="1" ind2="0" tag="245">
		<subfield code="6">880-02</subfield>
		<subfield code="a">Ḥawāshī Tuḥfat al-muḥtāj bi-sharḥ al-Minhāj :</subfield>
		<subfield code="b">wa-bi-hāmashah Ṭuḥfat al-muḥtāj bi-sharḥ al-Minhāj.</subfield>
	</datafield>
	<datafield ind1=" " ind2=" " tag="260">
		<subfield code="6">880-03</subfield>
		<subfield code="a">Miṣr :</subfield>
		<subfield code="b">al-Maktabah al-Tijāriyah al-Kubrá,</subfield>
		<subfield code="c">1938.</subfield>
	</datafield>
	<datafield ind1=" " ind2=" " tag="300">
		<subfield code="a">online resource (10 volumes)</subfield>
	</datafield>
	<datafield ind1=" " ind2=" " tag="336">
		<subfield code="a">text</subfield>
		<subfield code="2">rdacontent</subfield>
	</datafield>
	<datafield ind1=" " ind2=" " tag="337">
		<subfield code="a">computer</subfield>
		<subfield code="2">rdamedia</subfield>
	</datafield>
	<datafield ind1=" " ind2=" " tag="338">
		<subfield code="a">online resource</subfield>
		<subfield code="2">rdacarrier</subfield>
	</datafield>
	<datafield ind1=" " ind2=" " tag="500">
		<subfield code="a">The text of Tuḥfat al-muḥtāj, an abridgment of al-Nawawī's al-Minhāj, is printed in the margin.</subfield>
	</datafield>
	<datafield ind1=" " ind2=" " tag="500">
		<subfield code="a">Part of the Arabic Collections Online (ACO) project, contributed by Columbia University Libraries.</subfield>
	</datafield>
	<datafield ind1=" " ind2=" " tag="533">
		<subfield code="a">Electronic reproduction.</subfield>
		<subfield code="b">New York, N.Y. :</subfield>
		<subfield code="c">New York University,</subfield>
		<subfield code="d">2016.</subfield>
		<subfield code="5">NNU</subfield>
	</datafield>
	<datafield ind1="0" ind2="0" tag="600">
		<subfield code="6">880-04</subfield>
		<subfield code="a">Nawawī,</subfield>
		<subfield code="d">1233-1277.</subfield>
		<subfield code="t">Minhāj.</subfield>
	</datafield>
	<datafield ind1=" " ind2="0" tag="650">
		<subfield code="a">Islamic law.</subfield>
	</datafield>
	<datafield ind1=" " ind2="0" tag="650">
		<subfield code="a">Shafiites.</subfield>
	</datafield>
	<datafield ind1="1" ind2=" " tag="700">
		<subfield code="6">880-05</subfield>
		<subfield code="a">Ibn Qāsim al-ʻAbbādī, Aḥmad,</subfield>
		<subfield code="d">-approximately 1585.</subfield>
	</datafield>
	<datafield ind1="1" ind2=" " tag="700">
		<subfield code="6">880-06</subfield>
		<subfield code="a">Ibn Ḥajar al-Haythamī, Aḥmad ibn Muḥammad,</subfield>
		<subfield code="d">approximately 1503-approximately 1566.</subfield>
		<subfield code="t">Tuḥfat al-muḥtāj bi-sharḥ al-Minhāj.</subfield>
	</datafield>
	<datafield ind1="2" ind2=" " tag="710">
		<subfield code="a">Columbia University.</subfield>
		<subfield code="b">Libraries.</subfield>
	</datafield>
	<datafield ind1="0" ind2=" " tag="730">
		<subfield code="a">Arabic Collections Online.</subfield>
	</datafield>
	<datafield ind1="0" ind2=" " tag="740">
		<subfield code="6">880-07</subfield>
		<subfield code="a">Tuḥfat al-muḥtāj bi-sharḥ al-Minhāj.</subfield>
	</datafield>
	<datafield ind1="0" ind2="8" tag="776">
		<subfield code="i">Print version:</subfield>
		<subfield code="a">Shirwānī, ʻAbd al-Hamīd.</subfield>
		<subfield code="t">Ḥawāshī Tuḥfat al-muḥtāj bi-sharḥ al-Minhāj</subfield>
		<subfield code="w">(NNC)642569</subfield>
		<subfield code="w">(OCoLC)48549878</subfield>
	</datafield>
	<datafield ind1="4" ind2="0" tag="856">
		<subfield code="u">http://hdl.handle.net/2333.1/bzkh1c77</subfield>
	</datafield>
	<datafield ind1="4" ind2="0" tag="856">
		<subfield code="u">http://hdl.handle.net/2333.1/bzkh1c77</subfield>
	</datafield>
	<datafield ind1="1" ind2=" " tag="880">
		<subfield code="6">100-01/r</subfield>
		<subfield code="a">شرواني، عبد الحميد.</subfield>
	</datafield>
	<datafield ind1="1" ind2="0" tag="880">
		<subfield code="6">245-02/r</subfield>
		<subfield code="a">حواشي تحفة المحتاج بشرح المنهاج :</subfield>
		<subfield code="b">وبهامشة تحفة المحتاج بشرح المنهاج.</subfield>
	</datafield>
	<datafield ind1=" " ind2=" " tag="880">
		<subfield code="6">260-03/r</subfield>
		<subfield code="a">مصر :</subfield>
		<subfield code="b">المكتبة التجارية الكبرى،</subfield>
		<subfield code="c">1938.</subfield>
	</datafield>
	<datafield ind1="0" ind2="4" tag="880">
		<subfield code="6">600-04/r</subfield>
		<subfield code="a">نووي،</subfield>
		<subfield code="d">1233-1277.</subfield>
		<subfield code="t">منهاج.</subfield>
	</datafield>
	<datafield ind1="1" ind2=" " tag="880">
		<subfield code="6">700-05/r</subfield>
		<subfield code="a">ابن قاسم العبادي، احمد،</subfield>
		<subfield code="d">-approximately 1585.</subfield>
	</datafield>
	<datafield ind1="1" ind2=" " tag="880">
		<subfield code="6">700-06/r</subfield>
		<subfield code="a">ابن حجر الهيثمي، احمد بن محمد،</subfield>
		<subfield code="d">approximately 1503-approximately 1566.</subfield>
		<subfield code="t">تحفة المحتاج بشرح المنهاج.</subfield>
	</datafield>
	<datafield ind1="0" ind2=" " tag="880">
		<subfield code="6">740-07/r</subfield>
		<subfield code="a">تحفة المحتاج بشرح المنهاج.</subfield>
	</datafield>
	<datafield ind1=" " ind2=" " tag="959">
		<subfield code="a">NNU</subfield>
		<subfield code="b">WEB</subfield>
		<subfield code="c">GENI</subfield>
		<subfield code="t">0</subfield>
		<subfield code="m">Electronic access</subfield>
		<subfield code="s">01</subfield>
	</datafield>
	<datafield ind1=" " ind2=" " tag="959">
		<subfield code="a">NNU</subfield>
		<subfield code="b">WEB</subfield>
		<subfield code="c">GENI</subfield>
		<subfield code="t">0</subfield>
		<subfield code="m">Electronic access</subfield>
		<subfield code="s">01</subfield>
	</datafield>
	<datafield ind1=" " ind2=" " tag="999">
		<subfield code="i">NNC_642569</subfield>
		<subfield code="o">(OCoLC)ocm48549878</subfield>
		<subfield code="s">columbia_aco001385:v.1</subfield>
		<subfield code="s">columbia_aco001386:v.2</subfield>
		<subfield code="s">columbia_aco001387:v.3</subfield>
		<subfield code="s">columbia_aco001388:v.4</subfield>
		<subfield code="s">columbia_aco001389:v.5</subfield>
		<subfield code="s">columbia_aco001390:v.6</subfield>
		<subfield code="s">columbia_aco001391:v.7</subfield>
		<subfield code="s">columbia_aco001392:v.8</subfield>
		<subfield code="s">columbia_aco001393:v.9</subfield>
		<subfield code="s">columbia_aco001394:v.10</subfield>
		<subfield code="e">(ERROR-880)</subfield>
		<subfield code="s">columbia_aco001385:v.1</subfield>
		<subfield code="s">columbia_aco001386:v.2</subfield>
		<subfield code="s">columbia_aco001387:v.3</subfield>
		<subfield code="s">columbia_aco001388:v.4</subfield>
		<subfield code="s">columbia_aco001389:v.5</subfield>
		<subfield code="s">columbia_aco001390:v.6</subfield>
		<subfield code="s">columbia_aco001391:v.7</subfield>
		<subfield code="s">columbia_aco001392:v.8</subfield>
		<subfield code="s">columbia_aco001393:v.9</subfield>
		<subfield code="s">columbia_aco001394:v.10</subfield>
	</datafield>
</record>
